@PhdThesis{Bauer:00,
  author = 	 "A. Bauer",
  title = 	 "The Realizability Approach to Computable Analysis and Topology",
  school = 	 "Carnegie Mellon University",
  year = 	 "2000",
  note =	 "Available as CMU technical report \texttt{CMU-CS-00-164} and at \texttt{http://andrej.com/thesis}"
}

@article{KleeneSC:intint,
  author="Kleene, S.C.",
  title="On the Interpretation of Intuitionistic Number Theory",
  year=1945,
  journal={Journal of Symbolic Logic},
  volume=10,
  pages="109--124",
  reviews="JSL 12.91 ; MR 7.406"
}
		  
@inproceedings{HylandJ:efft,
   author =   {J.M.E. Hyland},
   title =    {The effective topos},
   pages =    {165-216},
   editor =   {A.S. Troelstra and D. Van Dalen},
   booktitle ={The {L.E.J. Brouwer} Centenary Symposium},
   publisher ={North Holland Publishing Company},
   year =     1982
}

@inproceedings{TroelstraA:rea,
  author="Troelstra, A.S.",
  title="Realizability",
  year=1998,
  booktitle="Handbook of Proof Theory",
  editor="Buss, S.R.",
  publisher={North-Holland},
  pages="407--473",
 }

@phdthesis{McCartyD:reaarm,
   author =  {D.C. McCarty},
   title =   {Realizability and Recursive Mathematics},
   year =    1984,
   school =  {University of Oxford},
   type =    {D.{P}hil. {T}hesis}
}
		  
@phdthesis{OostenJ:exer,
  title="Exercises in Realizability",
  author="J. van Oosten",
  school="Universiteit van Amsterdam",
  year=1991
}

@article{Longley00,
  author    = {John Longley},
  title     = {Matching typed and untyped realizability.},
  journal   = {Electr. Notes Theor. Comput. Sci.},
  volume    = 35,
  year      = 2000
}

@article{HylandJ:trit,
   author =  {J.M.E. Hyland and P.T. Johnstone and A.M. Pitts},
   title =   {Tripos Theory},
   journal = {Math. Proc. Camb. Phil. Soc.},
   year =    1980,
   volume =  88,
   pages =   {205-232}
}
		  
@INPROCEEDINGS{harper+:popl90,
   AUTHOR="Robert Harper and John C. Mitchell and Eugenio Moggi",
   TITLE="{Higher-order Modules and the Phase Distinction}",
   BOOKTITLE= "Proc. 17th ACM Symposium on Principles of 
                  Programming Languages (POPL '90)",
   YEAR=1990,
   PAGES="341--354"}

@BOOK{milner+:definition,
      AUTHOR="Robin Milner and Mads Tofte and Robert Harper
              and Dave MacQueen",
      TITLE="{The Definition of {Standard ML} (Revised)}",
      YEAR="1997",
      PUBLISHER="{MIT Press}"}

@incollection{    automath,
author =          "Nicolas G. de Bruijn",
title =           "A survey of the project {AUTOMATH}",
booktitle =       "To H. B. Curry: Essays in Combinatory Logic, Lambda
                  Calculus, and Formalism",
editor =          "J. P. Seldin and J. R. Hindley",
publisher =       "Academic Press",
year =            1980,
pages =           "589--606"
}

@TECHREPORT{ocaml,
AUTHOR="Xavier Leroy and Damien Doligez and Jacques Garrigue and Didier R\'emy and J\'er\^ome Vouillon",
TITLE="The {Objective Caml} system, documentation and user's manual - release 3.08",
INSTITUTION="INRIA",
MONTH="July",
YEAR=2004}

@ARTICLE{haskell,
AUTHOR="{Simon Peyton Jones, ed.}",
JOURNAL="Journal of Functional Programming",
TITLE="The {Haskell 98} Language",
VOLUME=13,
NUMBER=1,
MONTH="January",
YEAR=2003,
KEY="Peyton Jones"}

@Book{Troelstra:van-Dalen:88:1,
  author = 	 {A.S. Troelstra and D. van Dalen},
  title = 	 {Constructivism in Mathematics, An Introduction, Vol. 1},
  publisher = 	 {North-Holland},
  year = 	 {1988},
  number = 	 {121},
  series = 	 {Studies in Logic and the Foundations of Mathematics}
}

@InProceedings{pfenning01:_inten_exten_proof_irrel_modal_type_theor,
  author = 	 {F. Pfenning},
  title = 	 {Intensionality, Extensionality, and Proof Irrelevance in Modal Type Theory},
  booktitle = 	 {Proceedings of the 16th Annual IEEE Symposium on Logic in Computer Science (LICS'01)},
  year =	 2001,
  month =	 {June},
  pages =        {221},
  publisher =    {IEEE Computer Society}
}
