@PhdThesis{Bauer:00,
  author = 	 "A. Bauer",
  title = 	 "The Realizability Approach to Computable Analysis and Topology",
  school = 	 "Carnegie Mellon University",
  year = 	 "2000"
}

@article{KleeneSC:intint,
  author="S. C. Kleene",
  title="On the Interpretation of Intuitionistic Number Theory",
  year=1945,
  journal={Journal of Symbolic Logic},
  volume=10,
  pages="109--124",
  reviews="JSL 12.91 ; MR 7.406"
}
		  
@inproceedings{HylandJ:efft,
   author =   {J. M. E. Hyland},
   title =    {The effective topos},
   pages =    {165-216},
   editor =   {A.S. Troelstra and D. Van Dalen},
   booktitle ={The {L.E.J. Brouwer} Centenary Symposium},
   publisher ={North Holland Publishing Company},
   year =     1982
}

@inproceedings{TroelstraA:rea,
  author="A. S. Troelstra",
  title="Realizability",
  year=1998,
  booktitle="Handbook of Proof Theory",
  editor="Buss, S.R.",
  publisher={North-Holland},
  pages="407--473",
 }

@phdthesis{McCartyD:reaarm,
   author =  {D. C. McCarty},
   title =   {Realizability and Recursive Mathematics},
   year =    1984,
   school =  {University of Oxford},
   type =    {D.{P}hil. {T}hesis}
}
		  
@phdthesis{OostenJ:exer,
  title="Exercises in Realizability",
  author="J. van Oosten",
  school="Universiteit van Amsterdam",
  year=1991
}

@article{Longley99,
  author    = {John Longley},
  title     = {Matching typed and untyped realizability.},
  journal   = {Electr. Notes Theor. Comput. Sci.},
  volume    = {23},
  number    = {1},
  year      = {1999}
}

@article{HylandJ:trit,
   author =  {J. M. E. Hyland and P. T. Johnstone and A. M. Pitts},
   title =   {Tripos Theory},
   journal = {Math. Proc. Camb. Phil. Soc.},
   year =    1980,
   volume =  88,
   pages =   {205-232}
}

@BOOK{milner+:definition,
      AUTHOR="Robin Milner and Mads Tofte and Robert Harper
              and Dave MacQueen",
      TITLE="{The Definition of {Standard ML} (Revised)}",
      YEAR="1997",
      PUBLISHER="{MIT Press}"}

@incollection{    automath,
author =          "Nicolas G. de Bruijn",
title =           "A survey of the project {AUTOMATH}",
booktitle =       "To H. B. Curry: Essays in Combinatory Logic, Lambda
                  Calculus, and Formalism",
editor =          "J. P. Seldin and J. R. Hindley",
publisher =       "Academic Press",
year =            1980,
pages =           "589--606"
}

@TECHREPORT{ocaml,
AUTHOR="Xavier Leroy and Damien Doligez and Jacques Garrigue and Didier R\'emy and J\'er\^ome Vouillon",
TITLE="The {Objective Caml} system, documentation and user's manual - release 3.08",
INSTITUTION="INRIA",
MONTH="July",
YEAR=2004}

@ARTICLE{haskell,
AUTHOR="{Simon Peyton Jones, ed.}",
JOURNAL="Journal of Functional Programming",
TITLE="The {Haskell 98} Language",
VOLUME=13,
NUMBER=1,
MONTH="January",
YEAR=2003,
KEY="Peyton Jones"}

@Book{Troelstra:van-Dalen:88:1,
  author = 	 {A. S. Troelstra and D. van Dalen},
  title = 	 {Constructivism in Mathematics, An Introduction, Vol. 1},
  publisher = 	 {North-Holland},
  year = 	 {1988},
  number = 	 {121},
  series = 	 {Studies in Logic and the Foundations of Mathematics}
}

@Book{Troelstra:van-Dalen:88:2,
  author = 	 {A. S. Troelstra and D. van Dalen},
  title = 	 {Constructivism in Mathematics, An Introduction, Vol. 2},
  publisher = 	 {North-Holland},
  year = 	 {1988},
  number = 	 {123},
  series = 	 {Studies in Logic and the Foundations of Mathematics}
}

@InProceedings{pfenning01:_inten_exten_proof_irrel_modal_type_theor,
  author = 	 {F. Pfenning},
  title = 	 {Intensionality, Extensionality, and Proof Irrelevance in Modal Type Theory},
  booktitle = 	 {Proceedings of the 16th Annual IEEE Symposium on Logic in Computer Science (LICS'01)},
  year =	 2001,
  month =	 {June},
  pages =        {221},
  publisher =    {IEEE Computer Society}
}

@techreport{komagata+:tr95,
  author = "Yuki Komagata and David A. Schmidt",
  title = "Implementation of Intuitionistic Type Theory and
                  Realizability Theory",
  department = "Department of Computing and Information Sciences",
  institution = "Kansas State University",
  number = "TR-CS-95-4",
  year = "1995"}

@Book{Wei00,
  author = {Klaus Weihrauch},
  title = {Computable Analysis},
  year = {2000},
  publisher = {Springer},
  address = {Berlin}
}

@Article{Bla97,
  author = {Jens Blanck},
  title = {Domain representability of metric spaces},
  journal = {Annals of Pure and Applied Logic},
  year = {1997},
  volume = {83},
  pages = {225--247}
}

@InProceedings{TZ98,
  author = {J.V. Tucker and J. I. Zucker},
  title = {Computable Functions and Semicomputable Sets on Many-Sorted
  Algebras},
  booktitle = {Handbook of Logic in Computer Science, Volume 5},
  editor = {Abramsky, S. and Gabbay, D.M. and Maibaum, T.S.E.},
  publisher = {Clarendon Press},
  address = {Oxford},
  year = {1998}
}

@InProceedings{EL00,
  author = {Abbas Edalat and Andr\'{e} Lieutier},
  title = {Domain of Differentiable Functions},
  booktitle = {Computability and Complexity in Analysis},
  editor = {Blanck, Jens and Brattka, Vasco and Hertling, Peter and Weihrauch,
  Klaus},
  year = {2000},
  note = {CCA2000 Workshop, Swansea, Wales, September 17--19, 2000}
}

@InProceedings{Mue00,
  author = {Norbert M{\"u}ller},
  title = {The {iRRAM}: Exact Arithmetic in {C}++},
  booktitle = {Computability and Complexity in Analysis},
  editor = {Blanck, Jens and Brattka, Vasco and Hertling, Peter and Weihrauch,
  Klaus},
  year = {2000},
  pages = {319--350},
  note = {CCA2000 Workshop, Swansea, Wales, September 17--19, 2000}
}

@InProceedings{Lam05a,
  author = {Branimir Lambov},
  title = {{RealLib}: an efficient implementation of Exact Real Arithmetic},
  booktitle = {Computability and Complexity in Analysis},
  editor = {Grubba, Tanja and Hertling, Peter and Tsuiki, Hideki and Weihrauch,
  Klaus},
  year = {2005},
  pages = {169--175},
  note = {Proccedings, Second International Conference, CCA 2005, Kyoto, Japan,
  August 25--29, 2005}
}

@inproceedings{longley99when,
    author = "John Longley",
    title = "When is a Functional Program Not a Functional Program?",
    booktitle = "International Conference on Functional Programming",
    pages = "1-7",
    year = "1999",
    url = "citeseer.ist.psu.edu/longley99when.html"
}

@book{KleeneSC:fouim,
  author="S. C. Kleene and R. E. Vesley",
  title="The Foundations of Intuitionistic Mathematics, 
			especially in relation to recursive functions",
  year=1965,
  publisher={North-Holland Publishing Company},
  reviews="JSL 31.258; MR 31#1190; ZBL 133.246",
}

@PhdThesis{BirkedalL:devttc,
  author = 	 {L. Birkedal},
  title = 	 {Developing Theories of Types and Computability},
  school = 	 {School of Computer Science, Carnegie Mellon University},
  year = 	 1999,
  month =	 dec
}
		  
@Article{Bauer:Birkedal:Scott:98,
  author =	 "A. Bauer and L. Birkedal and D. S. Scott",
  title = 	 "Equilogical Spaces",
  journal =	 "Theoretical Computer Science",
  year =	 2004,
  pages =        "35--59",
  number =       315,
  volume =       1
}  

@PhdThesis{Bla97a,
  author = {Jens Blanck},
  title = {Computability on topological spaces by effective domain
  representations},
  year = {1997},
  school = {Uppsala University, Department of Mathematics},
  address = {Uppsala, Sweden}
}

@article{ScottD:dattl,
   author =  {D. S. Scott},
   title =   {Data Types as Lattices},
   journal = {SIAM Journal of Computing},
   year =    1976,
   volume =  5,
   number =  3,
   pages =   {522-587}
}


@Book{ershov98:_handb_recur_mathem,
  editor =	 {Yu. L. Ershov and S. S. Goncharov and A. Nerode and J. B. Remmel},
  title = 	 {Handbook of Recursive Mathematics},
  publisher = 	 {Elsevier},
  year = 	 1998,
  address =	 {Amsterdam}
}

@book{coqart,
	title = {Interactive Theorem Proving and Program Development},
	author = {Yves Bertot and Pierre Cast\'eran},
	publisher= {Springer},
	year=2004
	}

@Article{post47:_recur_unsol_probl_thue,
  author = 	 {E. Post},
  title = 	 {Recursive Unsolvability of a Problem of {T}hue},
  journal = 	 {The Journal of Symbolic Logic},
  year = 	 1947,
  volume =	 12,
  pages =	 {1--11}
}

@INPROCEEDINGS{harper+:popl90,
   AUTHOR="Robert Harper and John C. Mitchell and Eugenio Moggi",
   TITLE="{Higher-order Modules and the Phase Distinction}",
   BOOKTITLE= {Proceedings of the 17th ACM Symposium on Principles of 
                  Programming Languages (POPL '90)},
   YEAR=1990,
   PAGES="341--354"}

@incollection{benl98:_proof_theor_work,
    author = "H. Benl and U. Berger and H. Schwichtenberg and M. Seisenberger and W. Zuber",
    title = "Proof Theory at Work: Program Development in the {M}inlog System",
    booktitle = "Automated Deduction: A Basis for Applications. Volume {II}, Systems and Implementation Techniques",
    publisher = "Kluwer Academic Publishers",
    address = "Dordrecht",
    editor = "Wolfgang Bibel and Peter H. Schmidt",
    year = 1998
}

@Book{barwise75:_admis_sets_struc,
  author =	 {J. Barwise},
  title = 	 {Admissible Sets and Structures},
  publisher = 	 {Springer-Verlag},
  year = 	 1975
}

@misc{yap06:_theor_real_comput_egc,
 title="Theory of Real Computation according to {EGC}",
 author="Chee K. Yap",
 note="To appear in LNCS Volume based on the
   Dagstuhl Seminar ``Reliable Implementation of Real Number
   Algorithms: Theory and Practice'', Jan 8-13, 2006.",
 year=2006
}

@Book{aho74:_desig_analy_comput_algor,
  author =	 {A. V. Aho and J. E. Hopcroft and J. D. Ullman},
  title = 	 {The Design and Analysis of Computer Algorithms},
  publisher = 	 {Addison-Wesley},
  year = 	 1974,
  address =	 {Reading, Massachusetts}
}

@Book{blum98:_compl_real_comput,
  author =	 {L. Blum and F. Cucker and M. Shub and S. Smale},
  title = 	 {Complexity and Real Computation},
  publisher = 	 {Springer-Verlag},
  year = 	 1998,
  address =	 {New York}
}

@Book{Bishop:Bridges:85,
  author =	 {E. Bishop and D. Bridges},
  title =	 {Constructive Analysis},
  year =	 {1985},
  publisher =    {Springer-Verlag},
  volume =       {279},
  series =       {Grundlehren der math. Wissenschaften}
}



@PhdThesis{escardo97:_pcf,
  author = 	 {M. H. Escard\'o},
  title = 	 {{PCF} extended with real numbers},
  school = 	 {Department of Computer Science, University of Edinburgh},
  year = 	 1997,
  month =	 {December}
}

@InProceedings{marcial-romero04:_seman,
  author = 	 {J. R. Marcial-Romero and M. H. Escard{\'o}},
  title = 	 {Semantics of a sequential language for exact real-number computation},
  booktitle = 	 {Proceedings of the 19th Annual IEEE Symposium on Logic in Computer Science},
  pages =	 {426--435},
  year =	 2004,
  month =	 {July}
}

@Book{borodin75,
  author =	 {A. Borodin and J. I. Monro},
  title = 	 {The computational complexity of algebraic and numeric problems},
  publisher = 	 {New York, London, Amsterdam : American Elsevier},
  year = 	 1975,
  number =	 1,
  series =	 {Elsevier computer science library : Theory of computation series}
}

@Book{nordstroem90:_progr_martin_type_theor,
  author =	 {B. Nordstr{\"o}m and K. Petersson and J. M. Smith},
  title = 	 {Programming in Martin-L{\"of}'s Type Theory},
  publisher = 	 {Oxford University Press},
  year = 	 1990
}

@BOOK{JacobsB:cltt,
 author = "B. Jacobs",
 title = "Categorical Logic and Type Theory",
 publisher = "Elsevier Science",
 year = 1999
}

@article{sannella92:_towar,
 author = {D. Sannella and S. Sokolowski and A. Tarlecki},
 title = {Toward formal development of programs from algebraic specifications: parameterisation revisited},
 journal = {Acta Informatica},
 volume = 29,
 number = 9,
 year = 1992,
 issn = {0001-5903},
 pages = {689--736},
 publisher = {Springer-Verlag New York, Inc.},
 address = {Secaucus, NJ, USA},
}

@article{kahrs+:tcs97, 
    author = "Stefan Kahrs and Donald Sannella and Andrzej Tarlecki",
    title = "The definition of {Extended} {ML}: {A} gentle introduction",
    journal = "Theoretical Computer Science",
    volume = "173",
    number = "2",
    pages = "445--484",
    year = "1997",
    url = "citeseer.ist.psu.edu/kahrs95definition.html" }

@inproceedings{bauer+:clase05,
         title = "Specifications via Realizability",
         author = "Andrej Bauer and Christopher A. Stone",
         booktitle = "Proceedings of the Workshop on the Constructive Logic for Automated Software Engineering (CLASE 2005)",
         series = "Electronic Notes in Theoretical Computer Science",
         volume = 153,
         number = "1",
         pages = "77--92",
         year = "2006"}

