@article{kleene,
  author="Kleene, S.C.",
  title="On the Interpretation of Intuitionistic Number Theory",
  year=1945,
  journal={Journal of Symbolic Logic},
  volume=10,
  pages="109--124",
  reviews="JSL 12.91 ; MR 7.406"
}

@book{coq,
	title = {Interactive Theorem Proving and Program Development},
	author = {Yves Bertot and Pierre Cast\'eran},
	publisher= {Springer},
	year=2004
	}

@InProceedings{program,
  author = 	 {Sozeau, M.},
  title = 	 {Program-ing Finger Trees in Coq},
  booktitle = {ICFP'07: Proceedings of the 2007 ACM SIGPLAN International Conference on Functional Programming},
  pages = 	 {13--24},
  year = 	 2007,
  publisher = {ACM Press}}



@InCollection{rz,
  author = 	 {Bauer, A. and Stone, C. A.},
  title = 	 {{RZ}: A Tool for Bringing Constructive and Computable Mathematics Closer to Programming Practice},
  booktitle = 	 {Computation and Logic in the Real World},
  pages = 	 {28--42},
  publisher = {Springer Berlin/Heidelberg},
  year = 	 2007,
  editor = 	 {Cooper, S. B. and L{\"o}we, B. and Sorbi, A.},
  volume = 	 4497,
  series = 	 {Lecture Notes in Computer Science}}

@Misc{haskell,
  author =       {Haskell},
  title = {\url{http://www.haskell.org/}}
}

@Misc{ocaml,
  author =       {{Objective Caml}},
  title = {\url{http://www.ocaml.org/}}
}

@article{era,
 author = {Bauer, A. and Kavkler, I.},
 title = {Implementing Real Numbers With {RZ}},
 journal = {Electronic Notes in Theoretical Computer Science},
 volume = 202,
 year = 2008,
 issn = {1571-0661},
 pages = {365--384},
 publisher = {Elsevier Science Publishers B. V.},
 address = {Amsterdam, The Netherlands, The Netherlands}
}

@phdthesis{agda,
  author  = {Ulf Norell},
  title      = {Towards a practical programming language based on dependent type
         theory},
  school  = {Department of Computer Science and Engineering, Chalmers University of Technology},
  year      = 2007,
  month      = {September},
  address = {SE-412 96 G\"{o}teborg, Sweden}
}


