@PhdThesis{Bauer:00,
  author = 	 "A. Bauer",
  title = 	 "The Realizability Approach to Computable Analysis and Topology",
  school = 	 "Carnegie Mellon University",
  year = 	 "2000",
  note =	 "Available as CMU technical report \texttt{CMU-CS-00-164} and at \texttt{http://andrej.com/thesis}"
}

@article{KleeneSC:intint,
  author="Kleene, S.C.",
  title="On the Interpretation of Intuitionistic Number Theory",
  year=1945,
  journal={Journal of Symbolic Logic},
  volume=10,
  pages="109--124",
  reviews="JSL 12.91 ; MR 7.406"
}
		  
@inproceedings{HylandJ:efft,
   author =   {J.M.E. Hyland},
   title =    {The effective topos},
   pages =    {165-216},
   editor =   {A.S. Troelstra and D. Van Dalen},
   booktitle ={The {L.E.J. Brouwer} Centenary Symposium},
   publisher ={North Holland Publishing Company},
   year =     1982
}

@inproceedings{TroelstraA:rea,
  author="Troelstra, A.S.",
  title="Realizability",
  year=1998,
  booktitle="Handbook of Proof Theory",
  editor="Buss, S.R.",
  publisher={North-Holland},
  pages="407--473",
 }

@phdthesis{McCartyD:reaarm,
   author =  {D.C. McCarty},
   title =   {Realizability and Recursive Mathematics},
   year =    1984,
   school =  {University of Oxford},
   type =    {D.{P}hil. {T}hesis}
}
		  
@phdthesis{OostenJ:exer,
  title="Exercises in Realizability",
  author="J. van Oosten",
  school="Universiteit van Amsterdam",
  year=1991
}

@article{Longley00,
  author    = {John Longley},
  title     = {Matching typed and untyped realizability.},
  journal   = {Electr. Notes Theor. Comput. Sci.},
  volume    = 35,
  year      = 2000
}

@article{HylandJ:trit,
   author =  {J.M.E. Hyland and P.T. Johnstone and A.M. Pitts},
   title =   {Tripos Theory},
   journal = {Math. Proc. Camb. Phil. Soc.},
   year =    1980,
   volume =  88,
   pages =   {205-232}
}
		  
